@String(PAMI = {IEEE Trans. Pattern Anal. Mach. Intell.})
@String(IJCV = {Int. J. Comput. Vis.})
@String(CVPR= {IEEE Conf. Comput. Vis. Pattern Recog.})
@String(ICCV= {Int. Conf. Comput. Vis.})
@String(ECCV= {Eur. Conf. Comput. Vis.})
@String(NIPS= {Adv. Neural Inform. Process. Syst.})
@String(ICPR = {Int. Conf. Pattern Recog.})
@String(BMVC= {Brit. Mach. Vis. Conf.})
@String(TOG= {ACM Trans. Graph.})
@String(TIP  = {IEEE Trans. Image Process.})
@String(TVCG  = {IEEE Trans. Vis. Comput. Graph.})
@String(TMM  = {IEEE Trans. Multimedia})
@String(ACMMM= {ACM Int. Conf. Multimedia})
@String(ICME = {Int. Conf. Multimedia and Expo})
@String(ICASSP=	{ICASSP})
@String(ICIP = {IEEE Int. Conf. Image Process.})
@String(ACCV  = {ACCV})
@String(ICLR = {Int. Conf. Learn. Represent.})
@String(IJCAI = {IJCAI})
@String(PR   = {Pattern Recognition})
@String(AAAI = {AAAI})
@String(CVPRW= {IEEE Conf. Comput. Vis. Pattern Recog. Worksh.})
@String(CSVT = {IEEE Trans. Circuit Syst. Video Technol.})

@String(SPL	= {IEEE Sign. Process. Letters})
@String(VR   = {Vis. Res.})
@String(JOV	 = {J. Vis.})
@String(TVC  = {The Vis. Comput.})
@String(JCST  = {J. Comput. Sci. Tech.})
@String(CGF  = {Comput. Graph. Forum})
@String(CVM = {Computational Visual Media})


@String(PAMI  = {IEEE TPAMI})
@String(IJCV  = {IJCV})
@String(CVPR  = {CVPR})
@String(ICCV  = {ICCV})
@String(ECCV  = {ECCV})
@String(NIPS  = {NeurIPS})
@String(ICPR  = {ICPR})
@String(BMVC  =	{BMVC})
@String(TOG   = {ACM TOG})
@String(TIP   = {IEEE TIP})
@String(TVCG  = {IEEE TVCG})
@String(TCSVT = {IEEE TCSVT})
@String(TMM   =	{IEEE TMM})
@String(ACMMM = {ACM MM})
@String(ICME  =	{ICME})
@String(ICASSP=	{ICASSP})
@String(ICIP  = {ICIP})
@String(ACCV  = {ACCV})
@String(ICLR  = {ICLR})
@String(IJCAI = {IJCAI})
@String(PR = {PR})
@String(AAAI = {AAAI})
@String(CVPRW= {CVPRW})
@String(CSVT = {IEEE TCSVT})



@misc{Authors14,
 author = {FirstName LastName},
 title = {The frobnicatable foo filter},
 note = {Face and Gesture submission ID 324. Supplied as supplemental material {\tt fg324.pdf}},
 year = 2014
}

@misc{Authors14b,
 author = {FirstName LastName},
 title = {Frobnication tutorial},
 note = {Supplied as supplemental material {\tt tr.pdf}},
 year = 2014
}

@article{Alpher02,
author = {FirstName Alpher},
title = {Frobnication},
journal = PAMI,
volume = 12,
number = 1,
pages = {234--778},
year = 2002
}

@article{Alpher03,
author = {FirstName Alpher and  FirstName Fotheringham-Smythe},
title = {Frobnication revisited},
journal = {Journal of Foo},
volume = 13,
number = 1,
pages = {234--778},
year = 2003
}

@article{Alpher04,
author = {FirstName Alpher and FirstName Fotheringham-Smythe and FirstName Gamow},
title = {Can a machine frobnicate?},
journal = {Journal of Foo},
volume = 14,
number = 1,
pages = {234--778},
year = 2004
}

@inproceedings{Alpher05,
author = {FirstName Alpher and FirstName Gamow},
title = {Can a computer frobnicate?},
booktitle = CVPR,
pages = {234--778},
year = 2005
}

@inproceedings{loshchilov2018decoupled,
  title={Decoupled Weight Decay Regularization},
  author={Loshchilov, Ilya and Hutter, Frank},
  booktitle={International Conference on Learning Representations},
  year={2018}
}

@misc{tusimple,

   author = {TuSimple},

   title = {Tusimple benchmark.},

   howpublished = {\url{https://github.com/TuSimple/tusimple-benchmark/}},
   year={Accessed September, 2020.}

}

@inproceedings{behrendt2019unsupervised,
  title={Unsupervised labeled lane marker dataset generation using maps},
  author={Behrendt, Karsten and Soussan, Ryan},
  booktitle={International Conference on Computer Vision (ICCV)},
  volume={1},
  pages={7},
  year={2019}
}

@article{liu2021condlanenet,
  title={CondLaneNet: a Top-to-down Lane Detection Framework Based on Conditional Convolution},
  author={Liu, Lizhe and Chen, Xiaohao and Zhu, Siyu and Tan, Ping},
  journal={arXiv preprint arXiv:2105.05003},
  year={2021}
}

@article{abualsaud2021laneaf,
  title={LaneAF: Robust Multi-Lane Detection with Affinity Fields},
  author={Abualsaud, Hala and Liu, Sean and Lu, David and Situ, Kenny and Rangesh, Akshay and Trivedi, Mohan M},
  journal={arXiv preprint arXiv:2103.12040},
  year={2021}
}

@inproceedings{tabelini2021keep,
  title={Keep your eyes on the lane: Real-time attention-guided lane detection},
  author={Tabelini, Lucas and Berriel, Rodrigo and Paixao, Thiago M and Badue, Claudine and De Souza, Alberto F and Oliveira-Santos, Thiago},
  booktitle={Proceedings of the IEEE/CVF Conference on Computer Vision and Pattern Recognition},
  pages={294--302},
  year={2021}
}

@inproceedings{zheng2021resa,
  title={RESA: Recurrent Feature-Shift Aggregator for Lane Detection},
  author={Zheng, Tu and Fang, Hao and Zhang, Yi and Tang, Wenjian and Yang, Zheng and Liu, Haifeng and Cai, Deng},
  booktitle={Proceedings of the AAAI Conference on Artificial Intelligence},
  volume={35},
  pages={3547--3554},
  year={2021}
}

@article{yolox,
  title={Yolox: Exceeding yolo series in 2021},
  author={Ge, Zheng and Liu, Songtao and Wang, Feng and Li, Zeming and Sun, Jian},
  journal={arXiv preprint arXiv:2107.08430},
  year={2021}
}

@inproceedings{focalloss,
  title={Focal loss for dense object detection},
  author={Lin, Tsung-Yi and Goyal, Priya and Girshick, Ross and He, Kaiming and Doll{\'a}r, Piotr},
  booktitle={Proceedings of the IEEE international conference on computer vision},
  pages={2980--2988},
  year={2017}
}

@inproceedings{sparsercnn,
  title={Sparse r-cnn: End-to-end object detection with learnable proposals},
  author={Sun, Peize and Zhang, Rufeng and Jiang, Yi and Kong, Tao and Xu, Chenfeng and Zhan, Wei and Tomizuka, Masayoshi and Li, Lei and Yuan, Zehuan and Wang, Changhu and others},
  booktitle={Proceedings of the IEEE/CVF Conference on Computer Vision and Pattern Recognition},
  pages={14454--14463},
  year={2021}
}

@inproceedings{giou,
  title={Generalized intersection over union: A metric and a loss for bounding box regression},
  author={Rezatofighi, Hamid and Tsoi, Nathan and Gwak, JunYoung and Sadeghian, Amir and Reid, Ian and Savarese, Silvio},
  booktitle={Proceedings of the IEEE/CVF Conference on Computer Vision and Pattern Recognition},
  pages={658--666},
  year={2019}
}

@inproceedings{qu2021focus,
  title={Focus on Local: Detecting Lane Marker from Bottom Up via Key Point},
  author={Qu, Zhan and Jin, Huan and Zhou, Yang and Yang, Zhen and Zhang, Wei},
  booktitle={Proceedings of the IEEE/CVF Conference on Computer Vision and Pattern Recognition},
  pages={14122--14130},
  year={2021}
}

@inproceedings{pan2018spatial,
  title={Spatial as deep: Spatial cnn for traffic scene understanding},
  author={Pan, Xingang and Shi, Jianping and Luo, Ping and Wang, Xiaogang and Tang, Xiaoou},
  booktitle={Thirty-Second AAAI Conference on Artificial Intelligence},
  year={2018}
}

@inproceedings{qin2020ultra,
  title={Ultra fast structure-aware deep lane detection},
  author={Qin, Zequn and Wang, Huanyu and Li, Xi},
  booktitle={Computer Vision--ECCV 2020: 16th European Conference, Glasgow, UK, August 23--28, 2020, Proceedings, Part XXIV 16},
  pages={276--291},
  year={2020},
  organization={Springer}
}

@inproceedings{xu2020curvelane,
  title={Curvelane-nas: Unifying lane-sensitive architecture search and adaptive point blending},
  author={Xu, Hang and Wang, Shaoju and Cai, Xinyue and Zhang, Wei and Liang, Xiaodan and Li, Zhenguo},
  booktitle={Computer Vision--ECCV 2020: 16th European Conference, Glasgow, UK, August 23--28, 2020, Proceedings, Part XV 16},
  pages={689--704},
  year={2020},
  organization={Springer}
}

@inproceedings{philion2019fastdraw,
  title={Fastdraw: Addressing the long tail of lane detection by adapting a sequential prediction network},
  author={Philion, Jonah},
  booktitle={Proceedings of the IEEE/CVF Conference on Computer Vision and Pattern Recognition},
  pages={11582--11591},
  year={2019}
}

@inproceedings{tabelini2021polylanenet,
  title={Polylanenet: Lane estimation via deep polynomial regression},
  author={Tabelini, Lucas and Berriel, Rodrigo and Paixao, Thiago M and Badue, Claudine and De Souza, Alberto F and Oliveira-Santos, Thiago},
  booktitle={2020 25th International Conference on Pattern Recognition (ICPR)},
  pages={6150--6156},
  year={2021},
  organization={IEEE}
}

@inproceedings{yoo2020end,
  title={End-to-end lane marker detection via row-wise classification},
  author={Yoo, Seungwoo and Lee, Hee Seok and Myeong, Heesoo and Yun, Sungrack and Park, Hyoungwoo and Cho, Janghoon and Kim, Duck Hoon},
  booktitle={Proceedings of the IEEE/CVF Conference on Computer Vision and Pattern Recognition Workshops},
  pages={1006--1007},
  year={2020}
}

@article{ko2021key,
  title={Key points estimation and point instance segmentation approach for lane detection},
  author={Ko, Yeongmin and Lee, Younkwan and Azam, Shoaib and Munir, Farzeen and Jeon, Moongu and Pedrycz, Witold},
  journal={IEEE Transactions on Intelligent Transportation Systems},
  year={2021},
  publisher={IEEE}
}

@article{su2021structure,
  title={Structure Guided Lane Detection},
  author={Su, Jinming and Chen, Chao and Zhang, Ke and Luo, Junfeng and Wei, Xiaoming and Wei, Xiaolin},
  journal={arXiv preprint arXiv:2105.05403},
  year={2021}
}

@inproceedings{DBLP:journals/corr/KingmaB14,
  author    = {Diederik P. Kingma and
               Jimmy Ba},
  editor    = {Yoshua Bengio and
               Yann LeCun},
  title     = {Adam: {A} Method for Stochastic Optimization},
  booktitle = {3rd International Conference on Learning Representations, {ICLR} 2015,
               San Diego, CA, USA, May 7-9, 2015, Conference Track Proceedings},
  year      = {2015},
  url       = {http://arxiv.org/abs/1412.6980},
  timestamp = {Thu, 25 Jul 2019 14:25:37 +0200},
  biburl    = {https://dblp.org/rec/journals/corr/KingmaB14.bib},
  bibsource = {dblp computer science bibliography, https://dblp.org}
}

@inproceedings{mishra2019polynomial,
  title={Polynomial learning rate policy with warm restart for deep neural network},
  author={Mishra, Purnendu and Sarawadekar, Kishor},
  booktitle={TENCON 2019-2019 IEEE Region 10 Conference (TENCON)},
  pages={2087--2092},
  year={2019},
  organization={IEEE}
}

@article{li2019line,
  title={Line-cnn: End-to-end traffic line detection with line proposal unit},
  author={Li, Xiang and Li, Jun and Hu, Xiaolin and Yang, Jian},
  journal={IEEE Transactions on Intelligent Transportation Systems},
  volume={21},
  number={1},
  pages={248--258},
  year={2019},
  publisher={IEEE}
}

@inproceedings{he2016deep,
  title={Deep residual learning for image recognition},
  author={He, Kaiming and Zhang, Xiangyu and Ren, Shaoqing and Sun, Jian},
  booktitle={Proceedings of the IEEE conference on computer vision and pattern recognition},
  pages={770--778},
  year={2016}
}

@article{romera2017erfnet,
  title={Erfnet: Efficient residual factorized convnet for real-time semantic segmentation},
  author={Romera, Eduardo and Alvarez, Jos{\'e} M and Bergasa, Luis M and Arroyo, Roberto},
  journal={IEEE Transactions on Intelligent Transportation Systems},
  volume={19},
  number={1},
  pages={263--272},
  year={2017},
  publisher={IEEE}
}

@inproceedings{liu2021end,
  title={End-to-end lane shape prediction with transformers},
  author={Liu, Ruijin and Yuan, Zejian and Liu, Tie and Xiong, Zhiliang},
  booktitle={Proceedings of the IEEE/CVF Winter Conference on Applications of Computer Vision},
  pages={3694--3702},
  year={2021}
}

@inproceedings{girshick2015fast,
  title={Fast r-cnn},
  author={Girshick, Ross},
  booktitle={Proceedings of the IEEE international conference on computer vision},
  pages={1440--1448},
  year={2015}
}

@inproceedings{he2017mask,
  title={Mask r-cnn},
  author={He, Kaiming and Gkioxari, Georgia and Doll{\'a}r, Piotr and Girshick, Ross},
  booktitle={Proceedings of the IEEE international conference on computer vision},
  pages={2961--2969},
  year={2017}
}
@inproceedings{cai2018cascade,
  title={Cascade r-cnn: Delving into high quality object detection},
  author={Cai, Zhaowei and Vasconcelos, Nuno},
  booktitle={Proceedings of the IEEE conference on computer vision and pattern recognition},
  pages={6154--6162},
  year={2018}
}
@inproceedings{lin2017feature,
  title={Feature pyramid networks for object detection},
  author={Lin, Tsung-Yi and Doll{\'a}r, Piotr and Girshick, Ross and He, Kaiming and Hariharan, Bharath and Belongie, Serge},
  booktitle={Proceedings of the IEEE conference on computer vision and pattern recognition},
  pages={2117--2125},
  year={2017}
}

@inproceedings{lin2014microsoft,
  title={Microsoft coco: Common objects in context},
  author={Lin, Tsung-Yi and Maire, Michael and Belongie, Serge and Hays, James and Perona, Pietro and Ramanan, Deva and Doll{\'a}r, Piotr and Zitnick, C Lawrence},
  booktitle={European conference on computer vision},
  pages={740--755},
  year={2014},
  organization={Springer}
}

@inproceedings{hou2019learning,
  title={Learning lightweight lane detection cnns by self attention distillation},
  author={Hou, Yuenan and Ma, Zheng and Liu, Chunxiao and Loy, Chen Change},
  booktitle={Proceedings of the IEEE/CVF international conference on computer vision},
  pages={1013--1021},
  year={2019}
}

@inproceedings{wang2018non,
  title={Non-local neural networks},
  author={Wang, Xiaolong and Girshick, Ross and Gupta, Abhinav and He, Kaiming},
  booktitle={Proceedings of the IEEE conference on computer vision and pattern recognition},
  pages={7794--7803},
  year={2018}
}

@inproceedings{zhao2017pyramid,
  title={Pyramid scene parsing network},
  author={Zhao, Hengshuang and Shi, Jianping and Qi, Xiaojuan and Wang, Xiaogang and Jia, Jiaya},
  booktitle={Proceedings of the IEEE conference on computer vision and pattern recognition},
  pages={2881--2890},
  year={2017}
}

@inproceedings{yu2016unitbox,
  title={Unitbox: An advanced object detection network},
  author={Yu, Jiahui and Jiang, Yuning and Wang, Zhangyang and Cao, Zhimin and Huang, Thomas},
  booktitle={Proceedings of the 24th ACM international conference on Multimedia},
  pages={516--520},
  year={2016}
}

@inproceedings{rezatofighi2019generalized,
  title={Generalized intersection over union: A metric and a loss for bounding box regression},
  author={Rezatofighi, Hamid and Tsoi, Nathan and Gwak, JunYoung and Sadeghian, Amir and Reid, Ian and Savarese, Silvio},
  booktitle={Proceedings of the IEEE/CVF Conference on Computer Vision and Pattern Recognition},
  pages={658--666},
  year={2019}
}

@inproceedings{choi2020cars,
  title={Cars can't fly up in the sky: Improving urban-scene segmentation via height-driven attention networks},
  author={Choi, Sungha and Kim, Joanne T and Choo, Jaegul},
  booktitle={Proceedings of the IEEE/CVF conference on computer vision and pattern recognition},
  pages={9373--9383},
  year={2020}
}

@inproceedings{yu2018deep,
  title={Deep layer aggregation},
  author={Yu, Fisher and Wang, Dequan and Shelhamer, Evan and Darrell, Trevor},
  booktitle={Proceedings of the IEEE conference on computer vision and pattern recognition},
  pages={2403--2412},
  year={2018}
}

@article{loshchilov2016sgdr,
  title={Sgdr: Stochastic gradient descent with warm restarts},
  author={Loshchilov, Ilya and Hutter, Frank},
  journal={arXiv preprint arXiv:1608.03983},
  year={2016}
}

@inproceedings{liu2018path,
  title={Path aggregation network for instance segmentation},
  author={Liu, Shu and Qi, Lu and Qin, Haifang and Shi, Jianping and Jia, Jiaya},
  booktitle={Proceedings of the IEEE conference on computer vision and pattern recognition},
  pages={8759--8768},
  year={2018}
}

@inproceedings{liu2020lane,
  title={Lane detection in low-light conditions using an efficient data enhancement: Light conditions style transfer},
  author={Liu, Tong and Chen, Zhaowei and Yang, Yi and Wu, Zehao and Li, Haowei},
  booktitle={2020 IEEE Intelligent Vehicles Symposium (IV)},
  pages={1394--1399},
  year={2020},
  organization={IEEE}
}

@inproceedings{vaswani2017attention,
  title={Attention is all you need},
  author={Vaswani, Ashish and Shazeer, Noam and Parmar, Niki and Uszkoreit, Jakob and Jones, Llion and Gomez, Aidan N and Kaiser, {\L}ukasz and Polosukhin, Illia},
  booktitle={Advances in neural information processing systems},
  pages={5998--6008},
  year={2017}
}
@inproceedings{pang2019libra,
  title={Libra r-cnn: Towards balanced learning for object detection},
  author={et al., Pang},
  booktitle={CVPR},
  year={2019}
}
@article{zheng2021scaloss,
  title={SCALoss: Side and Corner Aligned Loss for Bounding Box Regression},
  author={Zheng, Tu and Zhao, Shuai and Liu, Yang and Liu, Zili and Cai, Deng},
  journal={arXiv preprint arXiv:2104.00462},
  year={2021}
}