@article{Mclaren2008,
  title={XIII—The Development of the CIE 1976 (L* a* b*) Uniform Colour Space and Colour‐difference Formula},
  author={K. Mclaren},
  journal={Journal of The Society of Dyers and Colourists},
  year={2008},
  volume={92},
  pages={338-341},
  url={https://api.semanticscholar.org/CorpusID:96741660}
}
